

@book{burns2011,
  author =        {Burns, Robbie},
  edition =       {3rd},
  publisher =     {Harriman House Limited},
  title =         {The Naked Trader: How anyone can make money trading
                   shares},
  year =          {2011},
}

